@online{buchan2024ai,
  author    = {James Buchan},
  title     = {Why you should add an AI assistant to your app or website},
  year      = {2024},
  url       = {https://zudu.co.uk/blog/why-you-should-add-an-ai-assistant-to-your-app-or-website/},
  note      = {Pristupljeno: 06. svibanj 2025.},
  organization = {Zudu}
}

@online{awsRAG2025,
  author       = {{Amazon Web Services, Inc.}},
  title        = {What is RAG? - Retrieval-Augmented Generation AI Explained - AWS},
  year         = 2025,
  url          = {https://aws.amazon.com/what-is/retrieval-augmented-generation/},
  note         = {Pristupljeno: 06. svibanj 2025.},
}
